<?xml version="1.0" encoding="UTF-8"?>
<!DOCTYPE html PUBLIC "-//W3C//DTD XHTML 1.0 Transitional//EN"
    "http://www.w3.org/TR/xhtml1/DTD/xhtml1-transitional.dtd">
<html xmlns="http://www.w3.org/1999/xhtml" xml:lang="en" lang="en">
 <head>
  <title>
</title>
<meta http-equiv="Content-Type" content="text/html;charset=utf-8" />
  <meta name='ocr-system' content='tesseract 3.04.00' />
  <meta name='ocr-capabilities' content='ocr_page ocr_carea ocr_par ocr_line ocrx_word'/>
</head>
<body>
  <div class='ocr_page' id='page_1' title='image "./mtulliiciceroni130cicegoog_0103.png"; bbox 0 0 2828 4733; ppageno 0'>
   <div class='ocr_carea' id='block_1_1' title="bbox 92 1076 111 1103">
    <p class='ocr_par' dir='ltr' id='par_1_1' title="bbox 92 1076 111 1103">
     <span class='ocr_line' id='line_1_1' title="bbox 92 1076 111 1103; baseline 0 0"><span class='ocrx_word' id='word_1_1' title='bbox 92 1076 111 1103; x_wconf 60' lang='grc' dir='ltr'>Ι</span> 
     </span>
    </p>
   </div>
   <div class='ocr_carea' id='block_1_2' title="bbox 646 336 2131 445">
    <p class='ocr_par' dir='ltr' id='par_1_2' title="bbox 646 336 2131 445">
     <span class='ocr_line' id='line_1_2' title="bbox 646 336 2131 445; baseline 0.013 -20"><span class='ocrx_word' id='word_1_2' title='bbox 646 362 810 431; x_wconf 57' lang='grc' dir='ltr'>ὙκΠ.</span> <span class='ocrx_word' id='word_1_3' title='bbox 851 344 1274 431; x_wconf 74' lang='grc' dir='ltr'>ὃόοιιΑΤιοι.</span> <span class='ocrx_word' id='word_1_4' title='bbox 1373 336 1768 431; x_wconf 55' lang='lat' dir='ltr'>socr-arns-</span> <span class='ocrx_word' id='word_1_5' title='bbox 2038 372 2131 445; x_wconf 87' lang='grc'>89</span> 
     </span>
    </p>
   </div>
   <div class='ocr_carea' id='block_1_3' title="bbox 258 535 2520 2869">
    <p class='ocr_par' dir='ltr' id='par_1_3' title="bbox 280 535 2435 1107">
     <span class='ocr_line' id='line_1_3' title="bbox 450 535 2435 619; baseline 0 -19"><span class='ocrx_word' id='word_1_6' title='bbox 450 537 579 600; x_wconf 88' lang='lat' dir='ltr'>Hic</span> <span class='ocrx_word' id='word_1_7' title='bbox 605 536 692 599; x_wconf 84' lang='lat' dir='ltr'>est</span> <span class='ocrx_word' id='word_1_8' title='bbox 717 537 829 598; x_wconf 82' lang='lat' dir='ltr'>ine</span> <span class='ocrx_word' id='word_1_9' title='bbox 852 536 1074 600; x_wconf 72' lang='lat' dir='ltr'>vultus</span> <span class='ocrx_word' id='word_1_10' title='bbox 1112 535 1365 618; x_wconf 84' lang='lat' dir='ltr'><strong>semper</strong></span> <span class='ocrx_word' id='word_1_11' title='bbox 1409 536 1626 619; x_wconf 85' lang='lat' dir='ltr'>idem,</span> <span class='ocrx_word' id='word_1_12' title='bbox 1670 555 1872 618; x_wconf 86' lang='lat' dir='ltr'>quem</span> <span class='ocrx_word' id='word_1_13' title='bbox 1908 536 2141 619; x_wconf 76' lang='lat' dir='ltr'>dicitur</span> <span class='ocrx_word' id='word_1_14' title='bbox 2185 540 2352 596; x_wconf 81' lang='lat' dir='ltr'>Ture.</span> <span class='ocrx_word' id='word_1_15' title='bbox 2373 545 2435 610; x_wconf 75' lang='lat'>5,</span> 
     </span>
     <span class='ocr_line' id='line_1_4' title="bbox 280 611 2367 717; baseline -0.001 -18"><span class='ocrx_word' id='word_1_16' title='bbox 280 635 651 717; x_wconf 76' lang='lat' dir='ltr'>Xanthippe</span> <span class='ocrx_word' id='word_1_17' title='bbox 678 634 1040 717; x_wconf 84' lang='lat' dir='ltr'>praedicare</span> <span class='ocrx_word' id='word_1_18' title='bbox 1065 631 1285 707; x_wconf 81' lang='lat' dir='ltr'>solita</span> <span class='ocrx_word' id='word_1_19' title='bbox 1267 654 1339 694; x_wconf 86' lang='lat' dir='ltr'>m</span> <span class='ocrx_word' id='word_1_20' title='bbox 1367 636 1510 694; x_wconf 85' lang='lat' dir='ltr'>viro</span> <span class='ocrx_word' id='word_1_21' title='bbox 1547 634 1659 694; x_wconf 88' lang='lat' dir='ltr'>suo</span> <span class='ocrx_word' id='word_1_22' title='bbox 1705 634 1885 696; x_wconf 76' lang='lat' dir='ltr'>fuisse</span> <span class='ocrx_word' id='word_1_23' title='bbox 1924 614 2137 697; x_wconf 78' lang='lat' dir='ltr'>Socra·</span> <span class='ocrx_word' id='word_1_24' title='bbox 2276 611 2367 669; x_wconf 78' lang='lat'>¹5·</span> 
     </span>
     <span class='ocr_line' id='line_1_5' title="bbox 282 729 2178 812; baseline 0.002 -19"><span class='ocrx_word' id='word_1_25' title='bbox 282 747 384 797; x_wconf 62' lang='lat' dir='ltr'>te:</span> <span class='ocrx_word' id='word_1_26' title='bbox 428 734 665 795; x_wconf 86' lang='lat' dir='ltr'>eodem</span> <span class='ocrx_word' id='word_1_27' title='bbox 686 731 940 812; x_wconf 78' lang='lat' dir='ltr'>semper</span> <span class='ocrx_word' id='word_1_28' title='bbox 954 730 1018 792; x_wconf 81' lang='lat' dir='ltr'>se</span> <span class='ocrx_word' id='word_1_29' title='bbox 1035 729 1254 791; x_wconf 75' lang='lat' dir='ltr'>vidiss&#39;e</span> <span class='ocrx_word' id='word_1_30' title='bbox 1269 744 1624 792; x_wconf 82' lang='lat' dir='ltr'><strong>exeuntem</strong></span> <span class='ocrx_word' id='word_1_31' title='bbox 1637 732 1833 794; x_wconf 86' lang='lat' dir='ltr'>illum</span> <span class='ocrx_word' id='word_1_32' title='bbox 1845 732 2044 794; x_wconf 89' lang='lat' dir='ltr'>domo</span> <span class='ocrx_word' id='word_1_33' title='bbox 2078 746 2143 795; x_wconf 87' lang='lat' dir='ltr'>et</span> <span class='ocrx_word' id='word_1_34' title='bbox 2175 790 2178 797; x_wconf 90' lang='lat'>.</span> 
     </span>
     <span class='ocr_line' id='line_1_6' title="bbox 289 826 2145 911; baseline 0.003 -21"><span class='ocrx_word' id='word_1_35' title='bbox 289 843 753 898; x_wconf 83' lang='lat' dir='ltr'>revertentem.</span> <span class='ocrx_word' id='word_1_36' title='bbox 803 831 942 903; x_wconf 73' lang='lat' dir='ltr'>Nec</span> <span class='ocrx_word' id='word_1_37' title='bbox 964 847 1120 888; x_wconf 83' lang='lat' dir='ltr'>vero</span> <span class='ocrx_word' id='word_1_38' title='bbox 1149 848 1218 887; x_wconf 91' lang='lat' dir='ltr'>ea</span> <span class='ocrx_word' id='word_1_39' title='bbox 1250 828 1430 890; x_wconf 86' lang='lat' dir='ltr'>frons</span> <span class='ocrx_word' id='word_1_40' title='bbox 1457 841 1607 905; x_wconf 90' lang='lat' dir='ltr'>erat,</span> <span class='ocrx_word' id='word_1_41' title='bbox 1633 838 1795 911; x_wconf 74' lang='lat' dir='ltr'>quae</span> <span class='ocrx_word' id='word_1_42' title='bbox 1810 830 1913 907; x_wconf 29' lang='lat' dir='ltr'>1M.</span> <span class='ocrx_word' id='word_1_43' title='bbox 1947 826 2145 895; x_wconf 81' lang='lat' dir='ltr'>Craffi</span> 
     </span>
     <span class='ocr_line' id='line_1_7' title="bbox 286 920 2143 1008; baseline 0.002 -23"><span class='ocrx_word' id='word_1_44' title='bbox 286 924 464 987; x_wconf 79' lang='lat' dir='ltr'>illius</span> <span class='ocrx_word' id='word_1_45' title='bbox 494 920 977 1008; x_wconf 78' lang='lat' dir='ltr'>veteris‚&#39;quem</span> <span class='ocrx_word' id='word_1_46' title='bbox 1007 924 1207 986; x_wconf 85' lang='lat' dir='ltr'>semel</span> <span class='ocrx_word' id='word_1_47' title='bbox 1231 926 1318 993; x_wconf 75' lang='lat' dir='ltr'>ait</span> <span class='ocrx_word' id='word_1_48' title='bbox 1343 927 1417 985; x_wconf 89' lang='lat' dir='ltr'>in</span> <span class='ocrx_word' id='word_1_49' title='bbox 1444 928 1631 987; x_wconf 86' lang='lat' dir='ltr'>omni</span> <span class='ocrx_word' id='word_1_50' title='bbox 1663 924 1791 987; x_wconf 84' lang='lat' dir='ltr'>vita</span> <span class='ocrx_word' id='word_1_51' title='bbox 1815 925 2000 990; x_wconf 84' lang='lat' dir='ltr'>rififfe</span> <span class='ocrx_word' id='word_1_52' title='bbox 2018 930 2143 988; x_wconf 89' lang='lat' dir='ltr'>Lu·</span> 
     </span>
     <span class='ocr_line' id='line_1_8' title="bbox 292 1021 2256 1111; baseline 0.003 -29"><span class='ocrx_word' id='word_1_53' title='bbox 292 1024 511 1096; x_wconf 84' lang='lat' dir='ltr'>cilius;</span> <span class='ocrx_word' id='word_1_54' title='bbox 550 1022 658 1084; x_wconf 88' lang='lat' dir='ltr'>sed</span> <span class='ocrx_word' id='word_1_55' title='bbox 684 1024 1030 1111; x_wconf 75' lang='lat' dir='ltr'>tranquilla</span> <span class='ocrx_word' id='word_1_56' title='bbox 1055 1037 1121 1083; x_wconf 87' lang='lat' dir='ltr'>et</span> <span class='ocrx_word' id='word_1_57' title='bbox 1148 1021 1397 1085; x_wconf 87' lang='lat' dir='ltr'>serena:</span> <span class='ocrx_word' id='word_1_58' title='bbox 1441 1022 1522 1082; x_wconf 85' lang='lat' dir='ltr'>fic</span> <span class='ocrx_word' id='word_1_59' title='bbox 1535 1026 1722 1083; x_wconf 86' lang='lat' dir='ltr'>enim</span> <span class='ocrx_word' id='word_1_60' title='bbox 1749 1027 2144 1106; x_wconf 75' lang='lat' dir='ltr'>accepimusx</span> <span class='ocrx_word' id='word_1_61' title='bbox 2251 1096 2256 1107; x_wconf 40' lang='lat'>‚</span> 
     </span>
    </p>

    <p class='ocr_par' dir='ltr' id='par_1_4' title="bbox 280 1119 2146 1301">
     <span class='ocr_line' id='line_1_9' title="bbox 280 1119 2146 1203; baseline 0.002 -23"><span class='ocrx_word' id='word_1_62' title='bbox 280 1119 434 1199; x_wconf 79' lang='lat' dir='ltr'>‘jure</span> <span class='ocrx_word' id='word_1_63' title='bbox 463 1135 689 1183; x_wconf 88' lang='lat' dir='ltr'>autem</span> <span class='ocrx_word' id='word_1_64' title='bbox 716 1134 849 1182; x_wconf 82' lang='lat' dir='ltr'>erat</span> <span class='ocrx_word' id='word_1_65' title='bbox 873 1119 1126 1203; x_wconf 78' lang='lat' dir='ltr'>semper</span> <span class='ocrx_word' id='word_1_66' title='bbox 1150 1121 1328 1182; x_wconf 90' lang='lat' dir='ltr'>idem</span> <span class='ocrx_word' id='word_1_67' title='bbox 1355 1121 1601 1198; x_wconf 85' lang='lat' dir='ltr'>vultus,</span> <span class='ocrx_word' id='word_1_68' title='bbox 1637 1143 1850 1203; x_wconf 88' lang='lat' dir='ltr'>quum</span> <span class='ocrx_word' id='word_1_69' title='bbox 1882 1125 2146 1199; x_wconf 72' lang='lat' dir='ltr'>mentis,</span> 
     </span>
     <span class='ocr_line' id='line_1_10' title="bbox 258 1218 1692 1301; baseline 0 -22"><span class='ocrx_word' id='word_1_70' title='bbox 258 1234 328 1279; x_wconf 96' lang='grc'>3</span> <span class='ocrx_word' id='word_1_71' title='bbox 366 1239 488 1301; x_wconf 79' lang='lat' dir='ltr'>qua</span> <span class='ocrx_word' id='word_1_72' title='bbox 531 1222 587 1280; x_wconf 86' lang='lat' dir='ltr'>is</span> <span class='ocrx_word' id='word_1_73' title='bbox 630 1218 918 1301; x_wconf 81' lang='lat' dir='ltr'>fingitur,</span> <span class='ocrx_word' id='word_1_74' title='bbox 955 1218 1138 1278; x_wconf 87' lang='lat' dir='ltr'>nulla</span> <span class='ocrx_word' id='word_1_75' title='bbox 1181 1218 1356 1279; x_wconf 88' lang='lat' dir='ltr'>fieret</span> <span class='ocrx_word' id='word_1_76' title='bbox 1391 1221 1692 1281; x_wconf 76' lang='lat' dir='ltr'>mutatio,</span> 
     </span>
    </p>

    <p class='ocr_par' dir='ltr' id='par_1_5' title="bbox 291 1296 2520 1885">
     <span class='ocr_line' id='line_1_11' title="bbox 465 1296 2471 1400; baseline -0.001 -23"><span class='ocrx_word' id='word_1_77' title='bbox 465 1315 818 1392; x_wconf 84' lang='lat' dir='ltr'>Socratem,</span> <span class='ocrx_word' id='word_1_78' title='bbox 847 1318 959 1400; x_wconf 91' lang='lat' dir='ltr'>qui</span> <span class='ocrx_word' id='word_1_79' title='bbox 988 1317 1390 1397; x_wconf 84' lang='lat' dir='ltr'>voluptatem</span> <span class='ocrx_word' id='word_1_80' title='bbox 1420 1296 1606 1377; x_wconf 85' lang='lat' dir='ltr'>nullo</span> <span class='ocrx_word' id='word_1_81' title='bbox 1633 1317 1775 1378; x_wconf 90' lang='lat' dir='ltr'>loco</span> <span class='ocrx_word' id='word_1_82' title='bbox 1817 1331 2149 1395; x_wconf 85' lang='lat' dir='ltr'>numerat,</span> <span class='ocrx_word' id='word_1_83' title='bbox 2166 1319 2291 1374; x_wconf 81' lang='lat' dir='ltr'>Fin‘</span> <span class='ocrx_word' id='word_1_84' title='bbox 2305 1331 2359 1383; x_wconf 76' lang='lat'>2,</span> <span class='ocrx_word' id='word_1_85' title='bbox 2378 1317 2471 1376; x_wconf 76' lang='lat'>28·</span> 
     </span>
     <span class='ocr_line' id='line_1_12' title="bbox 291 1400 2272 1498; baseline 0.003 -25"><span class='ocrx_word' id='word_1_86' title='bbox 291 1411 485 1474; x_wconf 84' lang='lat' dir='ltr'>audio</span> <span class='ocrx_word' id='word_1_87' title='bbox 516 1414 867 1490; x_wconf 86' lang='lat' dir='ltr'>dicentem,</span> <span class='ocrx_word' id='word_1_88' title='bbox 896 1414 1023 1474; x_wconf 86' lang='lat' dir='ltr'>cibi</span> <span class='ocrx_word' id='word_1_89' title='bbox 1057 1414 1561 1476; x_wconf 82' lang='lat' dir='ltr'>condimentum</span> <span class='ocrx_word' id='word_1_90' title='bbox 1584 1415 1703 1477; x_wconf 73' lang='lat' dir='ltr'>ess&#39;e</span> <span class='ocrx_word' id='word_1_91' title='bbox 1736 1400 2006 1492; x_wconf 81' lang='lat' dir='ltr'>famem,</span> <span class='ocrx_word' id='word_1_92' title='bbox 2034 1436 2161 1498; x_wconf 62' lang='lat' dir='ltr'>po·-</span> <span class='ocrx_word' id='word_1_93' title='bbox 2267 1438 2272 1449; x_wconf 69' lang='grc'><strong>“</strong></span> 
     </span>
     <span class='ocr_line' id='line_1_13' title="bbox 294 1508 2520 1595; baseline 0.002 -22"><span class='ocrx_word' id='word_1_94' title='bbox 294 1511 495 1573; x_wconf 84' lang='lat' dir='ltr'>tionis</span> <span class='ocrx_word' id='word_1_95' title='bbox 524 1511 962 1572; x_wconf 73' lang='lat' dir='ltr'>fitim.H1&#39;nc</span> <span class='ocrx_word' id='word_1_96' title='bbox 993 1531 1153 1572; x_wconf 90' lang='lat' dir='ltr'>eum</span> <span class='ocrx_word' id='word_1_97' title='bbox 1176 1510 1423 1590; x_wconf 85' lang='lat' dir='ltr'>serunt,</span> <span class='ocrx_word' id='word_1_98' title='bbox 1451 1533 1664 1595; x_wconf 90' lang='lat' dir='ltr'>quum</span> <span class='ocrx_word' id='word_1_99' title='bbox 1690 1532 1894 1595; x_wconf 88' lang='lat' dir='ltr'>usque</span> <span class='ocrx_word' id='word_1_100' title='bbox 1931 1515 2007 1581; x_wconf 84' lang='lat' dir='ltr'>ad</span> <span class='ocrx_word' id='word_1_101' title='bbox 2035 1536 2146 1576; x_wconf 85' lang='lat' dir='ltr'>ve·</span> <span class='ocrx_word' id='word_1_102' title='bbox 2173 1513 2339 1573; x_wconf 73' lang='lat' dir='ltr'>Ture.</span> <span class='ocrx_word' id='word_1_103' title='bbox 2384 1513 2444 1578; x_wconf 73' lang='lat'>5·</span> <span class='ocrx_word' id='word_1_104' title='bbox 2515 1508 2520 1515; x_wconf 65' lang='grc'><em>’</em></span> 
     </span>
     <span class='ocr_line' id='line_1_14' title="bbox 296 1589 2424 1703; baseline 0.003 -35"><span class='ocrx_word' id='word_1_105' title='bbox 296 1607 565 1690; x_wconf 86' lang='lat' dir='ltr'>sperum</span> <span class='ocrx_word' id='word_1_106' title='bbox 601 1610 975 1672; x_wconf 87' lang='lat' dir='ltr'>contentius</span> <span class='ocrx_word' id='word_1_107' title='bbox 1017 1609 1414 1687; x_wconf 88' lang='lat' dir='ltr'>ambularet,</span> <span class='ocrx_word' id='word_1_108' title='bbox 1463 1600 1948 1703; x_wconf 78' lang='lat' dir='ltr'>quaesitumque</span> <span class='ocrx_word' id='word_1_109' title='bbox 2004 1611 2150 1674; x_wconf 81' lang='lat' dir='ltr'>effet</span> <span class='ocrx_word' id='word_1_110' title='bbox 2238 1589 2334 1653; x_wconf 79' lang='lat'>54</span> <span class='ocrx_word' id='word_1_111' title='bbox 2418 1617 2424 1625; x_wconf 76' lang='grc'><strong><em>’</em></strong></span> 
     </span>
     <span class='ocr_line' id='line_1_15' title="bbox 296 1692 2152 1802; baseline 0.004 -37"><span class='ocrx_word' id='word_1_112' title='bbox 296 1725 378 1766; x_wconf 85' lang='lat' dir='ltr'>ex</span> <span class='ocrx_word' id='word_1_113' title='bbox 404 1726 521 1781; x_wconf 79' lang='lat' dir='ltr'>e0,</span> <span class='ocrx_word' id='word_1_114' title='bbox 558 1726 753 1795; x_wconf 83' lang='lat' dir='ltr'>quare</span> <span class='ocrx_word' id='word_1_115' title='bbox 775 1707 843 1767; x_wconf 84' lang='lat' dir='ltr'>id</span> <span class='ocrx_word' id='word_1_116' title='bbox 869 1707 1120 1782; x_wconf 86' lang='lat' dir='ltr'>faceret,</span> <span class='ocrx_word' id='word_1_117' title='bbox 1148 1692 1564 1788; x_wconf 76' lang='lat' dir='ltr'>respondisse.</span> <span class='ocrx_word' id='word_1_118' title='bbox 1619 1706 1722 1782; x_wconf 89' lang='lat' dir='ltr'>Se,</span> <span class='ocrx_word' id='word_1_119' title='bbox 1755 1727 1882 1802; x_wconf 80' lang='lat' dir='ltr'>quo</span> <span class='ocrx_word' id='word_1_120' title='bbox 1911 1713 2152 1773; x_wconf 86' lang='lat' dir='ltr'>melius</span> 
     </span>
     <span class='ocr_line' id='line_1_16' title="bbox 299 1799 1681 1905; baseline -0.001 -41"><span class='ocrx_word' id='word_1_121' title='bbox 299 1816 621 1879; x_wconf 88' lang='lat' dir='ltr'>coenaret,</span> <span class='ocrx_word' id='word_1_122' title='bbox 650 1803 956 1905; x_wconf 81' lang='lat' dir='ltr'>opsonare</span> <span class='ocrx_word' id='word_1_123' title='bbox 983 1805 1384 1866; x_wconf 82' lang='lat' dir='ltr'>ambulando</span> <span class='ocrx_word' id='word_1_124' title='bbox 1409 1799 1681 1867; x_wconf 78' lang='lat' dir='ltr'>famem.</span> 
     </span>
    </p>

    <p class='ocr_par' dir='ltr' id='par_1_6' title="bbox 303 1896 2445 2181">
     <span class='ocr_line' id='line_1_17' title="bbox 442 1896 2445 1986; baseline 0.002 -23.041"><span class='ocrx_word' id='word_1_125' title='bbox 442 1903 792 1986; x_wconf 85' lang='lat' dir='ltr'>Socrates,</span> <span class='ocrx_word' id='word_1_126' title='bbox 842 1896 919 1962; x_wconf 87' lang='lat' dir='ltr'>in</span> <span class='ocrx_word' id='word_1_127' title='bbox 957 1904 1198 1983; x_wconf 81' lang='lat' dir='ltr'>pompa</span> <span class='ocrx_word' id='word_1_128' title='bbox 1223 1910 1453 1982; x_wconf 83' lang='lat' dir='ltr'>quum</span> <span class='ocrx_word' id='word_1_129' title='bbox 1491 1920 1726 1982; x_wconf 86' lang='lat' dir='ltr'>magna</span> <span class='ocrx_word' id='word_1_130' title='bbox 1765 1904 1861 1963; x_wconf 86' lang='lat' dir='ltr'>vis</span> <span class='ocrx_word' id='word_1_131' title='bbox 1890 1896 2028 1963; x_wconf 86' lang='lat' dir='ltr'>aur-i</span> <span class='ocrx_word' id='word_1_132' title='bbox 2056 1924 2152 1964; x_wconf 84' lang='lat' dir='ltr'>ar·</span> <span class='ocrx_word' id='word_1_133' title='bbox 2180 1909 2360 1965; x_wconf 76' lang='lat' dir='ltr'>Ture.-</span> <span class='ocrx_word' id='word_1_134' title='bbox 2380 1908 2445 1977; x_wconf 77' lang='lat'>5,</span> 
     </span>
     <span class='ocr_line' id='line_1_18' title="bbox 304 1983 2333 2089; baseline 0 -28"><span class='ocrx_word' id='word_1_135' title='bbox 304 2000 665 2089; x_wconf 83' lang='lat' dir='ltr'>gentique</span> <span class='ocrx_word' id='word_1_136' title='bbox 654 2000 960 2065; x_wconf 81' lang='lat' dir='ltr'>serretur·</span> <span class='ocrx_word' id='word_1_137' title='bbox 1013 1996 1262 2085; x_wconf 82' lang='lat' dir='ltr'>Quam</span> <span class='ocrx_word' id='word_1_138' title='bbox 1288 1999 1500 2061; x_wconf 89' lang='lat' dir='ltr'>multa</span> <span class='ocrx_word' id='word_1_139' title='bbox 1539 2015 1680 2063; x_wconf 86' lang='lat' dir='ltr'>non</span> <span class='ocrx_word' id='word_1_140' title='bbox 1712 1998 2013 2077; x_wconf 75' lang='lat' dir='ltr'>desidem,</span> <span class='ocrx_word' id='word_1_141' title='bbox 2049 2002 2153 2062; x_wconf 85' lang='lat' dir='ltr'>in·</span> <span class='ocrx_word' id='word_1_142' title='bbox 2245 1983 2333 2036; x_wconf 74' lang='lat'>5²·</span> 
     </span>
     <span class='ocr_line' id='line_1_19' title="bbox 303 2100 2196 2181; baseline 0.003 -22"><span class='ocrx_word' id='word_1_143' title='bbox 303 2100 466 2181; x_wconf 86' lang='lat' dir='ltr'>quit.</span> <span class='ocrx_word' id='word_1_144' title='bbox 580 2104 591 2131; x_wconf 65' lang='lat'><em>²</em></span> <span class='ocrx_word' id='word_1_145' title='bbox 650 2120 655 2123; x_wconf 76' lang='grc'>’</span> <span class='ocrx_word' id='word_1_146' title='bbox 1068 2172 1072 2178; x_wconf 42' lang='grc'><strong>,</strong></span> <span class='ocrx_word' id='word_1_147' title='bbox 2013 2119 2031 2147; x_wconf 73' lang='lat' dir='ltr'><em>s</em></span> <span class='ocrx_word' id='word_1_148' title='bbox 2187 2160 2196 2173; x_wconf 73' lang='grc'><em>,</em></span> 
     </span>
    </p>

    <p class='ocr_par' dir='ltr' id='par_1_7' title="bbox 292 2193 2482 2474">
     <span class='ocr_line' id='line_1_20' title="bbox 474 2193 2482 2280; baseline 0.001 -21"><span class='ocrx_word' id='word_1_149' title='bbox 474 2198 750 2261; x_wconf 78' lang='lat' dir='ltr'>Socratis</span> <span class='ocrx_word' id='word_1_150' title='bbox 777 2199 1127 2280; x_wconf 86' lang='lat' dir='ltr'>ingenium</span> <span class='ocrx_word' id='word_1_151' title='bbox 1149 2196 1485 2279; x_wconf 82' lang='lat' dir='ltr'>variosque</span> <span class='ocrx_word' id='word_1_152' title='bbox 1515 2197 1853 2263; x_wconf 60' lang='lat' dir='ltr'>,sermones</span> <span class='ocrx_word' id='word_1_153' title='bbox 1885 2193 2161 2265; x_wconf 46' lang='lat' dir='ltr'>imi-nor.-</span> <span class='ocrx_word' id='word_1_154' title='bbox 2186 2209 2359 2273; x_wconf 76' lang='lat' dir='ltr'>Or.5,</span> <span class='ocrx_word' id='word_1_155' title='bbox 2392 2205 2482 2265; x_wconf 85' lang='lat'>16.</span> 
     </span>
     <span class='ocr_line' id='line_1_21' title="bbox 308 2292 2232 2388; baseline 0.002 -32"><span class='ocrx_word' id='word_1_156' title='bbox 308 2295 540 2356; x_wconf 78' lang='lat' dir='ltr'>talitati</span> <span class='ocrx_word' id='word_1_157' title='bbox 566 2294 811 2382; x_wconf 87' lang='lat' dir='ltr'>scriptis</span> <span class='ocrx_word' id='word_1_158' title='bbox 846 2293 972 2356; x_wconf 82' lang='lat' dir='ltr'>suis¹</span> <span class='ocrx_word' id='word_1_159' title='bbox 989 2296 1166 2357; x_wconf 90' lang='lat' dir='ltr'>Plato</span> <span class='ocrx_word' id='word_1_160' title='bbox 1194 2292 1468 2374; x_wconf 81' lang='lat' dir='ltr'>tradidit,</span> <span class='ocrx_word' id='word_1_161' title='bbox 1487 2316 1700 2388; x_wconf 85' lang='lat' dir='ltr'>quum</span> <span class='ocrx_word' id='word_1_162' title='bbox 1722 2296 1860 2380; x_wconf 78' lang='lat' dir='ltr'>ipse</span> <span class='ocrx_word' id='word_1_163' title='bbox 1880 2299 2164 2364; x_wconf 86' lang='lat' dir='ltr'>litteram</span> <span class='ocrx_word' id='word_1_164' title='bbox 2219 2352 2232 2374; x_wconf 45' lang='lat' dir='ltr'><em>s</em></span> 
     </span>
     <span class='ocr_line' id='line_1_22' title="bbox 292 2391 1558 2474; baseline -0.002 -20"><span class='ocrx_word' id='word_1_165' title='bbox 292 2393 596 2470; x_wconf 31' lang='lat' dir='ltr'>[Socrates</span> <span class='ocrx_word' id='word_1_166' title='bbox 622 2391 905 2454; x_wconf 84' lang='lat' dir='ltr'>nullam</span> <span class='ocrx_word' id='word_1_167' title='bbox 920 2391 1337 2474; x_wconf 74' lang='lat' dir='ltr'>reliquisset.</span> <span class='ocrx_word' id='word_1_168' title='bbox 1525 2407 1558 2428; x_wconf 79' lang='lat'>⁴·</span> 
     </span>
    </p>

    <p class='ocr_par' dir='ltr' id='par_1_8' title="bbox 294 2474 2450 2869">
     <span class='ocr_line' id='line_1_23' title="bbox 478 2474 2450 2576; baseline 0.006 -24"><span class='ocrx_word' id='word_1_169' title='bbox 478 2490 781 2572; x_wconf 87' lang='lat' dir='ltr'>Sophistis</span> <span class='ocrx_word' id='word_1_170' title='bbox 815 2489 1112 2572; x_wconf 78' lang='lat' dir='ltr'>opposuit</span> <span class='ocrx_word' id='word_1_171' title='bbox 1140 2488 1265 2552; x_wconf 86' lang='lat' dir='ltr'>sese</span> <span class='ocrx_word' id='word_1_172' title='bbox 1291 2491 1576 2555; x_wconf 84' lang='lat' dir='ltr'>Socrates</span> <span class='ocrx_word' id='word_1_173' title='bbox 1596 2535 1616 2569; x_wconf 92' lang='lat'>,</span> <span class='ocrx_word' id='word_1_174' title='bbox 1661 2496 1773 2576; x_wconf 88' lang='lat' dir='ltr'>qui</span> <span class='ocrx_word' id='word_1_175' title='bbox 1814 2474 2157 2561; x_wconf 82' lang='lat' dir='ltr'>subtilitate</span> <span class='ocrx_word' id='word_1_176' title='bbox 2186 2504 2352 2560; x_wconf 85' lang='lat' dir='ltr'>Brut·</span> <span class='ocrx_word' id='word_1_177' title='bbox 2388 2495 2450 2564; x_wconf 79' lang='grc'>8·</span> 
     </span>
     <span class='ocr_line' id='line_1_24' title="bbox 294 2581 2163 2673; baseline 0.005 -23"><span class='ocrx_word' id='word_1_178' title='bbox 294 2581 594 2673; x_wconf 61' lang='lat' dir='ltr'>&#39;quadam</span> <span class='ocrx_word' id='word_1_179' title='bbox 636 2588 1002 2671; x_wconf 84' lang='lat' dir='ltr'>disputandi</span> <span class='ocrx_word' id='word_1_180' title='bbox 1030 2588 1323 2650; x_wconf 85' lang='lat' dir='ltr'>resellere</span> <span class='ocrx_word' id='word_1_181' title='bbox 1351 2609 1586 2652; x_wconf 88' lang='lat' dir='ltr'>eorum</span> <span class='ocrx_word' id='word_1_182' title='bbox 1615 2591 1899 2654; x_wconf 85' lang='lat' dir='ltr'>instituta</span> <span class='ocrx_word' id='word_1_183' title='bbox 1927 2593 2163 2659; x_wconf 84' lang='lat' dir='ltr'>solebat</span> 
     </span>
     <span class='ocr_line' id='line_1_25' title="bbox 307 2684 2234 2764; baseline 0.005 -17"><span class='ocrx_word' id='word_1_184' title='bbox 307 2688 547 2750; x_wconf 79' lang='lat' dir='ltr'>verbis.</span> <span class='ocrx_word' id='word_1_185' title='bbox 629 2684 848 2764; x_wconf 84' lang='lat' dir='ltr'>Hujus</span> <span class='ocrx_word' id='word_1_186' title='bbox 875 2705 954 2747; x_wconf 85' lang='lat' dir='ltr'>ex</span> <span class='ocrx_word' id='word_1_187' title='bbox 979 2685 1327 2750; x_wconf 80' lang='lat' dir='ltr'>uberrimis</span> <span class='ocrx_word' id='word_1_188' title='bbox 1353 2686 1765 2751; x_wconf 79' lang='lat' dir='ltr'>sermonibus</span> <span class='ocrx_word' id='word_1_189' title='bbox 1794 2690 2169 2764; x_wconf 74' lang='lat' dir='ltr'>exstiterunt</span> <span class='ocrx_word' id='word_1_190' title='bbox 2229 2715 2234 2722; x_wconf 89' lang='lat'><em>·</em></span> 
     </span>
     <span class='ocr_line' id='line_1_26' title="bbox 309 2777 2166 2869; baseline 0.005 -24"><span class='ocrx_word' id='word_1_191' title='bbox 309 2780 662 2845; x_wconf 79' lang='lat' dir='ltr'>doctiffimi</span> <span class='ocrx_word' id='word_1_192' title='bbox 692 2785 849 2852; x_wconf 69' lang='lat' dir='ltr'>viri:</span> <span class='ocrx_word' id='word_1_193' title='bbox 895 2777 1323 2865; x_wconf 86' lang='lat' dir='ltr'>primumque</span> <span class='ocrx_word' id='word_1_194' title='bbox 1372 2780 1524 2845; x_wconf 85' lang='lat' dir='ltr'>t&#39;um</span> <span class='ocrx_word' id='word_1_195' title='bbox 1552 2785 1981 2869; x_wconf 81' lang='lat' dir='ltr'>philosophia,</span> <span class='ocrx_word' id='word_1_196' title='bbox 2025 2812 2166 2853; x_wconf 85' lang='lat' dir='ltr'>non</span> 
     </span>
    </p>
   </div>
   <div class='ocr_carea' id='block_1_4' title="bbox 182 2877 2174 2965">
    <p class='ocr_par' dir='ltr' id='par_1_9' title="bbox 182 2877 2174 2965">
     <span class='ocr_line' id='line_1_27' title="bbox 182 2877 2174 2965; baseline 0.003 -22"><span class='ocrx_word' id='word_1_197' title='bbox 182 2887 191 2896; x_wconf 79' lang='grc'><strong>“</strong></span> <span class='ocrx_word' id='word_1_198' title='bbox 255 2879 425 2944; x_wconf 74' lang='lat' dir='ltr'>··illa</span> <span class='ocrx_word' id='word_1_199' title='bbox 459 2881 542 2943; x_wconf 90' lang='lat' dir='ltr'>de</span> <span class='ocrx_word' id='word_1_200' title='bbox 583 2880 833 2958; x_wconf 85' lang='lat' dir='ltr'>natura,</span> <span class='ocrx_word' id='word_1_201' title='bbox 877 2901 1038 2962; x_wconf 89' lang='lat' dir='ltr'>quae</span> <span class='ocrx_word' id='word_1_202' title='bbox 1068 2877 1294 2958; x_wconf 84' lang='lat' dir='ltr'>suerat</span> <span class='ocrx_word' id='word_1_203' title='bbox 1329 2883 1683 2965; x_wconf 83' lang='lat' dir='ltr'>antiquior,</span> <span class='ocrx_word' id='word_1_204' title='bbox 1734 2882 1839 2944; x_wconf 83' lang='lat' dir='ltr'>sed</span> <span class='ocrx_word' id='word_1_205' title='bbox 1880 2879 2064 2964; x_wconf 76' lang='lat' dir='ltr'>haec,</span> <span class='ocrx_word' id='word_1_206' title='bbox 2101 2881 2174 2949; x_wconf 81' lang='lat' dir='ltr'>in</span> 
     </span>
    </p>
   </div>
   <div class='ocr_carea' id='block_1_5' title="bbox 268 2969 2511 3938">
    <p class='ocr_par' dir='ltr' id='par_1_10' title="bbox 314 2969 2503 3354">
     <span class='ocr_line' id='line_1_28' title="bbox 316 2969 2179 3065; baseline 0.003 -24"><span class='ocrx_word' id='word_1_207' title='bbox 316 3000 450 3064; x_wconf 86' lang='lat' dir='ltr'>qua</span> <span class='ocrx_word' id='word_1_208' title='bbox 475 2979 555 3039; x_wconf 90' lang='lat' dir='ltr'>de</span> <span class='ocrx_word' id='word_1_209' title='bbox 593 2978 782 3039; x_wconf 89' lang='lat' dir='ltr'>bonis</span> <span class='ocrx_word' id='word_1_210' title='bbox 814 2969 1008 3040; x_wconf 76' lang='lat' dir='ltr'>rebus</span> <span class='ocrx_word' id='word_1_211' title='bbox 1047 2993 1111 3042; x_wconf 92' lang='lat' dir='ltr'>et</span> <span class='ocrx_word' id='word_1_212' title='bbox 1137 2980 1365 3055; x_wconf 86' lang='lat' dir='ltr'>malis,</span> <span class='ocrx_word' id='word_1_213' title='bbox 1404 2979 1611 3065; x_wconf 85' lang='lat' dir='ltr'>deque</span> <span class='ocrx_word' id='word_1_214' title='bbox 1651 2969 2009 3043; x_wconf 83' lang='lat' dir='ltr'>hominum</span> <span class='ocrx_word' id='word_1_215' title='bbox 2046 2985 2179 3047; x_wconf 82' lang='lat' dir='ltr'>vita</span> 
     </span>
     <span class='ocr_line' id='line_1_29' title="bbox 316 3069 2503 3157; baseline -0.001 -17"><span class='ocrx_word' id='word_1_216' title='bbox 316 3092 385 3140; x_wconf 87' lang='lat' dir='ltr'>et</span> <span class='ocrx_word' id='word_1_217' title='bbox 422 3078 723 3137; x_wconf 84' lang='lat' dir='ltr'>moribus</span> <span class='ocrx_word' id='word_1_218' title='bbox 767 3069 1160 3157; x_wconf 81' lang='lat' dir='ltr'>disputatur,</span> <span class='ocrx_word' id='word_1_219' title='bbox 1207 3079 1470 3141; x_wconf 75' lang='lat' dir='ltr'>inventa</span> <span class='ocrx_word' id='word_1_220' title='bbox 1536 3079 1789 3140; x_wconf 88' lang='lat' dir='ltr'>dicitur.</span> <span class='ocrx_word' id='word_1_221' title='bbox 1924 3079 2091 3141; x_wconf 86' lang='lat' dir='ltr'>Nam</span> <span class='ocrx_word' id='word_1_222' title='bbox 2139 3091 2172 3144; x_wconf 80' lang='lat' dir='ltr'>a</span> <span class='ocrx_word' id='word_1_223' title='bbox 2260 3086 2503 3155; x_wconf 78' lang='lat' dir='ltr'>usc,5,4.</span> 
     </span>
     <span class='ocr_line' id='line_1_30' title="bbox 316 3174 2176 3274; baseline 0.003 -38"><span class='ocrx_word' id='word_1_224' title='bbox 316 3174 581 3242; x_wconf 81' lang='lat' dir='ltr'>Socrate</span> <span class='ocrx_word' id='word_1_225' title='bbox 647 3176 919 3260; x_wconf 84' lang='lat' dir='ltr'>omnis,</span> <span class='ocrx_word' id='word_1_226' title='bbox 977 3193 1139 3274; x_wconf 86' lang='lat' dir='ltr'>quae</span> <span class='ocrx_word' id='word_1_227' title='bbox 1197 3174 1283 3239; x_wconf 86' lang='lat' dir='ltr'>est</span> <span class='ocrx_word' id='word_1_228' title='bbox 1334 3174 1413 3237; x_wconf 85' lang='lat' dir='ltr'>de</span> <span class='ocrx_word' id='word_1_229' title='bbox 1455 3177 1588 3237; x_wconf 80' lang='lat' dir='ltr'>vita</span> <span class='ocrx_word' id='word_1_230' title='bbox 1627 3190 1697 3237; x_wconf 84' lang='lat' dir='ltr'>et</span> <span class='ocrx_word' id='word_1_231' title='bbox 1737 3176 1817 3237; x_wconf 87' lang='lat' dir='ltr'>de</span> <span class='ocrx_word' id='word_1_232' title='bbox 1858 3181 2176 3257; x_wconf 83' lang='lat' dir='ltr'>moribus,</span> 
     </span>
     <span class='ocr_line' id='line_1_31' title="bbox 314 3265 1379 3354; baseline -0.004 -20"><span class='ocrx_word' id='word_1_233' title='bbox 314 3265 719 3354; x_wconf 72' lang='lat' dir='ltr'>philosophia</span> <span class='ocrx_word' id='word_1_234' title='bbox 753 3267 1065 3333; x_wconf 83' lang='lat' dir='ltr'>manavit.</span> <span class='ocrx_word' id='word_1_235' title='bbox 1356 3279 1379 3294; x_wconf 34' lang='grc' dir='ltr'><strong>Χ</strong></span> 
     </span>
    </p>

    <p class='ocr_par' dir='ltr' id='par_1_11' title="bbox 320 3357 2511 3938">
     <span class='ocr_line' id='line_1_32' title="bbox 416 3357 2511 3463; baseline 0 -33"><span class='ocrx_word' id='word_1_236' title='bbox 416 3369 427 3436; x_wconf 73' lang='grc'>’,</span> <span class='ocrx_word' id='word_1_237' title='bbox 489 3371 832 3450; x_wconf 85' lang='lat' dir='ltr'>Deprecor,</span> <span class='ocrx_word' id='word_1_238' title='bbox 868 3387 955 3429; x_wconf 88' lang='lat' dir='ltr'>ne</span> <span class='ocrx_word' id='word_1_239' title='bbox 986 3389 1121 3444; x_wconf 89' lang='lat' dir='ltr'>me,</span> <span class='ocrx_word' id='word_1_240' title='bbox 1171 3357 1484 3455; x_wconf 77' lang='lat' dir='ltr'>tanquam</span> <span class='ocrx_word' id='word_1_241' title='bbox 1520 3357 2150 3463; x_wconf 85' lang='lat' dir='ltr'>philosophum,pu</span> <span class='ocrx_word' id='word_1_242' title='bbox 2154 3412 2174 3427; x_wconf 82' lang='lat'><em>-</em></span> <span class='ocrx_word' id='word_1_243' title='bbox 2208 3376 2340 3460; x_wconf 64' lang='lat' dir='ltr'>Piri.</span> <span class='ocrx_word' id='word_1_244' title='bbox 2371 3389 2428 3442; x_wconf 80' lang='lat'>2,</span> <span class='ocrx_word' id='word_1_245' title='bbox 2460 3392 2511 3432; x_wconf 83' lang='grc' dir='ltr'>ι.</span> 
     </span>
     <span class='ocr_line' id='line_1_33' title="bbox 268 3396 2182 3551; baseline 0.004 -24.203"><span class='ocrx_word' id='word_1_246' title='bbox 268 3468 474 3531; x_wconf 83' lang='lat' dir='ltr'>tetis</span> <span class='ocrx_word' id='word_1_247' title='bbox 505 3465 789 3527; x_wconf 83' lang='lat' dir='ltr'>scholam</span> <span class='ocrx_word' id='word_1_248' title='bbox 814 3465 1000 3528; x_wconf 86' lang='lat' dir='ltr'>vobis</span> <span class='ocrx_word' id='word_1_249' title='bbox 1039 3465 1322 3550; x_wconf 84' lang='lat' dir='ltr'>aliquam</span> <span class='ocrx_word' id='word_1_250' title='bbox 1354 3458 1861 3549; x_wconf 75' lang='lat' dir='ltr'>explicaturum.</span> <span class='ocrx_word' id='word_1_251' title='bbox 1897 3396 2150 3551; x_wconf 77' lang='lat' dir='ltr'>quotiPu</span> <span class='ocrx_word' id='word_1_252' title='bbox 2095 3492 2182 3534; x_wconf 87' lang='lat' dir='ltr'>ne</span> 
     </span>
     <span class='ocr_line' id='line_1_34' title="bbox 296 3561 2184 3679; baseline -0.001 -51.985"><span class='ocrx_word' id='word_1_253' title='bbox 296 3567 403 3627; x_wconf 87' lang='lat' dir='ltr'>in</span> <span class='ocrx_word' id='word_1_254' title='bbox 426 3563 569 3646; x_wconf 79' lang='lat' dir='ltr'>ipsis</span> <span class='ocrx_word' id='word_1_255' title='bbox 597 3564 867 3645; x_wconf 88' lang='lat' dir='ltr'>quidem</span> <span class='ocrx_word' id='word_1_256' title='bbox 897 3561 1288 3647; x_wconf 84' lang='lat' dir='ltr'>philosophis</span> <span class='ocrx_word' id='word_1_257' title='bbox 1305 3584 1696 3679; x_wconf 82' lang='lat' dir='ltr'>magnopere</span> <span class='ocrx_word' id='word_1_258' title='bbox 1721 3585 2012 3648; x_wconf 88' lang='lat' dir='ltr'>unquam</span> <span class='ocrx_word' id='word_1_259' title='bbox 2034 3590 2184 3649; x_wconf 86' lang='lat' dir='ltr'>pro..</span> 
     </span>
     <span class='ocr_line' id='line_1_35' title="bbox 291 3645 2288 3746; baseline 0.001 -21.029"><span class='ocrx_word' id='word_1_260' title='bbox 291 3662 495 3726; x_wconf 83' lang='lat' dir='ltr'>bavi.</span> <span class='ocrx_word' id='word_1_261' title='bbox 539 3690 549 3730; x_wconf 73' lang='grc' dir='ltr'>ι</span> <span class='ocrx_word' id='word_1_262' title='bbox 583 3660 863 3746; x_wconf 85' lang='lat' dir='ltr'>Quando</span> <span class='ocrx_word' id='word_1_263' title='bbox 901 3664 1088 3724; x_wconf 84' lang='lat' dir='ltr'>enim</span> <span class='ocrx_word' id='word_1_264' title='bbox 1117 3645 1436 3736; x_wconf 77' lang='lat' dir='ltr'>Socrates,</span> <span class='ocrx_word' id='word_1_265' title='bbox 1475 3664 1588 3745; x_wconf 88' lang='lat' dir='ltr'>qui</span> <span class='ocrx_word' id='word_1_266' title='bbox 1629 3671 1859 3744; x_wconf 82' lang='lat' dir='ltr'>parens</span> <span class='ocrx_word' id='word_1_267' title='bbox 1897 3666 2180 3727; x_wconf 86' lang='lat' dir='ltr'>Philoso-</span> <span class='ocrx_word' id='word_1_268' title='bbox 2239 3683 2248 3692; x_wconf 80' lang='lat'>‘</span> <span class='ocrx_word' id='word_1_269' title='bbox 2283 3650 2288 3654; x_wconf 33' lang='lat'>⁸</span> 
     </span>
     <span class='ocr_line' id='line_1_36' title="bbox 323 3758 2183 3866; baseline 0.003 -47"><span class='ocrx_word' id='word_1_270' title='bbox 323 3758 564 3846; x_wconf 86' lang='lat' dir='ltr'>phiae</span> <span class='ocrx_word' id='word_1_271' title='bbox 542 3779 687 3837; x_wconf 74' lang='lat' dir='ltr'>Jure</span> <span class='ocrx_word' id='word_1_272' title='bbox 715 3759 840 3822; x_wconf 87' lang='lat' dir='ltr'>dici</span> <span class='ocrx_word' id='word_1_273' title='bbox 864 3758 1084 3843; x_wconf 85' lang='lat' dir='ltr'>potest,</span> <span class='ocrx_word' id='word_1_274' title='bbox 1121 3760 1481 3866; x_wconf 86' lang='lat' dir='ltr'>quidquam</span> <span class='ocrx_word' id='word_1_275' title='bbox 1515 3760 1637 3819; x_wconf 89' lang='lat' dir='ltr'>tale</span> <span class='ocrx_word' id='word_1_276' title='bbox 1677 3761 1875 3822; x_wconf 71' lang='lat' dir='ltr'>fecit?</span> <span class='ocrx_word' id='word_1_277' title='bbox 1929 3764 2183 3831; x_wconf 83' lang='lat' dir='ltr'>Eorum</span> 
     </span>
     <span class='ocr_line' id='line_1_37' title="bbox 292 3843 2182 3938; baseline 0.004 -20.153"><span class='ocrx_word' id='word_1_278' title='bbox 292 3859 464 3918; x_wconf 84' lang='lat' dir='ltr'>erat</span> <span class='ocrx_word' id='word_1_279' title='bbox 515 3855 629 3918; x_wconf 84' lang='lat' dir='ltr'>iste</span> <span class='ocrx_word' id='word_1_280' title='bbox 673 3876 862 3936; x_wconf 85' lang='lat' dir='ltr'>mos,</span> <span class='ocrx_word' id='word_1_281' title='bbox 918 3859 1034 3937; x_wconf 85' lang='lat' dir='ltr'>qui</span> <span class='ocrx_word' id='word_1_282' title='bbox 1083 3869 1238 3916; x_wconf 87' lang='lat' dir='ltr'>tum</span> <span class='ocrx_word' id='word_1_283' title='bbox 1262 3843 1612 3938; x_wconf 74' lang='lat' dir='ltr'>sophistae</span> <span class='ocrx_word' id='word_1_284' title='bbox 1649 3861 2182 3928; x_wconf 76' lang='lat' dir='ltr'>nominabantur.</span> 
     </span>
    </p>
   </div>
   <div class='ocr_carea' id='block_1_6' title="bbox 323 3947 2183 4078">
    <p class='ocr_par' dir='ltr' id='par_1_12' title="bbox 323 3947 2183 4078">
     <span class='ocr_line' id='line_1_38' title="bbox 323 3947 2183 4078; baseline -0.002 -58"><span class='ocrx_word' id='word_1_285' title='bbox 323 3955 452 4020; x_wconf 72' lang='lat' dir='ltr'>Sed</span> <span class='ocrx_word' id='word_1_286' title='bbox 464 3953 776 4046; x_wconf 81' lang='lat' dir='ltr'>sophistas</span> <span class='ocrx_word' id='word_1_287' title='bbox 793 3998 816 4033; x_wconf 86' lang='lat'>,</span> <span class='ocrx_word' id='word_1_288' title='bbox 849 3969 927 4020; x_wconf 90' lang='lat' dir='ltr'>ut</span> <span class='ocrx_word' id='word_1_289' title='bbox 954 3975 990 4017; x_wconf 91' lang='lat' dir='ltr'>e</span> <span class='ocrx_word' id='word_1_290' title='bbox 1012 3956 1280 4078; x_wconf 86' lang='lat' dir='ltr'>Platone</span> <span class='ocrx_word' id='word_1_291' title='bbox 1310 3947 1600 4050; x_wconf 52' lang='lat' dir='ltr'>intelligi</span> <span class='ocrx_word' id='word_1_292' title='bbox 1625 3955 1847 4063; x_wconf 76' lang='lat' dir='ltr'>potest,</span> <span class='ocrx_word' id='word_1_293' title='bbox 1885 3958 2057 4023; x_wconf 89' lang='lat' dir='ltr'>lusos</span> <span class='ocrx_word' id='word_1_294' title='bbox 2082 3966 2183 4023; x_wconf 81' lang='lat' dir='ltr'>vi..</span> 
     </span>
    </p>
   </div>
   <div class='ocr_carea' id='block_1_7' title="bbox 1380 4041 2186 4133">
    <p class='ocr_par' dir='ltr' id='par_1_13' title="bbox 1380 4041 2186 4133">
     <span class='ocr_line' id='line_1_39' title="bbox 1380 4041 2186 4133; baseline 0.009 -16"><span class='ocrx_word' id='word_1_295' title='bbox 1380 4041 1436 4117; x_wconf 93' lang='lat' dir='ltr'>F</span> <span class='ocrx_word' id='word_1_296' title='bbox 1472 4063 1518 4133; x_wconf 84' lang='lat'><em>5</em></span> <span class='ocrx_word' id='word_1_297' title='bbox 1783 4057 1790 4064; x_wconf 89' lang='lat'>&#39;</span> <span class='ocrx_word' id='word_1_298' title='bbox 1829 4057 1852 4090; x_wconf 77' lang='grc'><strong><em>”</em></strong></span> <span class='ocrx_word' id='word_1_299' title='bbox 1947 4059 2186 4125; x_wconf 78' lang='lat' dir='ltr'>demus</span> 
     </span>
    </p>
   </div>
   <div class='ocr_carea' id='block_1_8' title="bbox 895 4197 907 4230">
    <p class='ocr_par' dir='ltr' id='par_1_14' title="bbox 895 4197 907 4230">
     <span class='ocr_line' id='line_1_40' title="bbox 895 4197 907 4230; baseline 0 0"><span class='ocrx_word' id='word_1_300' title='bbox 895 4197 907 4230; x_wconf 84' lang='grc' dir='ltr'><em>Ι</em></span> 
     </span>
    </p>
   </div>
  </div>
 </body>
</html>
